@misc{ColeMiller,
  author={Cole Miller},
  title 	= "{Intermediate-Mass Black Holes}",
  howpublished 	= {\url{https://www.astro.umd.edu/~miller/teaching/astr680s07/lecture25.pdf}},
  note 		= {Accessed: 2016-08-05}
}

@misc{S2,
  title 	= "{S2 and Central Black Hole}",
  howpublished 	= {\url{http://www.solstation.com/x-objects/s2.htm}},
  note 		= {Accessed: 2016-08-05}
}

@article{Schodel:2005qm,
      author         = "Schodel, Rainer and Eckart, A. and Iserlohe, C. and
                        Genzel, R. and Ott, T.",
      title          = "{A Black hole in the Galactic Center complex IRS 13E?}",
      journal        = "Astrophys. J.",
      volume         = "625",
      year           = "2005",
      pages          = "L111-L114",
      doi            = "10.1086/431307",
      eprint         = "astro-ph/0504474",
      archivePrefix  = "arXiv",
      primaryClass   = "astro-ph",
      SLACcitation   = "%%CITATION = ASTRO-PH/0504474;%%"
}


@misc{DyingStar,
  title 	= "{Dying Star Reveals More Evidence for New Kind of Black Hole}",
  howpublished 	= {\url{https://scienceblog.com/9685/dying-star-reveals-more-evidence-for-new-kind-of-black-hole/}},
  note 		= {Accessed: 2016-08-05}
}


@misc{AstronomersSpot,
  title 	= "{Astronomers spot the very first intermediate-mass black hole}",
  howpublished 	= {\url{http://www.thebunsenburner.com/news/astronomers-spot-the-very-first-intermediate-mass-black-hole/}},
  note 		= {Accessed: 2016-08-05}
}

@ARTICLE{IMBHsig,
   author = {{Oka}, T. and {Mizuno}, R. and {Miura}, K. and {Takekawa}, S.
	},
    title = "{Signature of an Intermediate-mass Black Hole in the Central Molecular Zone of Our Galaxy}",
  journal = {\apjl},
archivePrefix = "arXiv",
   eprint = {1512.04661},
 keywords = {galaxies: nuclei, Galaxy: center, ISM: clouds, ISM: molecules},
     year = 2016,
    month = jan,
   volume = 816,
      eid = {L7},
    pages = {L7},
      doi = {10.3847/2041-8205/816/1/L7},
   adsurl = {http://adsabs.harvard.edu/abs/2016ApJ...816L...7O},
  adsnote = {Provided by the SAO/NASA Astrophysics Data System}
}

@misc{QuasarHunting,
  title 	= "{Hunting for Quasars With an 18th Century Trick}",
  author={Daniel Mortlock},
  howpublished 	= {\url{http://www.space.com/28499-finding-the-most-distant-quasar.html}},
  note 		= {Accessed: 2016-08-05}
}

@misc{DistantQuasar,
  title 	= "{Most Distant Quasar Found}",
  howpublished 	= {\url{https://www.eso.org/public/australia/news/eso1122/}},
  note 		= {Accessed: 2016-08-05}
}


